@article{manning3h,
  title={H.(2008) Introduction to Information Retrieval},
  author={Manning, Christopher D. and Raghavan, Prabhakar and Sch√ºtze, Hinrich},
  journal={Cambridge University Press, New York, NY, USA},
  volume={3},
  year={2008},
}

@UNPUBLISHED {nist2007,
    author = "NIST",
    title  = "The ace 2007 (ace07) evaluation plan: Evalu- ation of the detection and recognition of ace entities, values, temporal expressions, relations, and events",
    note   = "The ace 2007 (ace07) evaluation plan: Evalu- ation of the detection and recognition of ace entities, values, temporal expressions, relations, and events",
    year   = "2007"
}

@article{wise2007learning,
  title={Learning to read with a virtual tutor: Foundations to literacy},
  author={Wise, Barbara and Cole, Ron and Van Vuuren, Sarel and Schwartz, Scott and Snyder, Lynn and Ngampatipatpong, Nattawut and Tuantranont, Jariya and Pellom, Bryan},
  journal={Interactive literacy education: Facilitating literacy environments through technology},
  pages={31--75},
  year={2007},
  publisher={Erlbaum Mahwah, NJ}
}

@INPROCEEDINGS{Dang06overviewof,
    author = {Hoa Trang Dang},
    title = {Overview of DUC 2006},
    booktitle = {In Proceedings of HLT-NAACL 2006},
    year = {2006}
}

@inproceedings{bird2004nltk,
  title={NLTK: the natural language toolkit},
  author={Bird, Steven and Loper, Edward},
  booktitle={Proceedings of the ACL 2004 on Interactive poster and demonstration sessions},
  pages={31},
  year={2004},
  organization={Association for Computational Linguistics}
}


@article{palmer2005proposition,
  title={The proposition bank: An annotated corpus of semantic roles},
  author={Palmer, Martha and Gildea, Daniel and Kingsbury, Paul},
  journal={Computational linguistics},
  volume={31},
  number={1},
  pages={71--106},
  year={2005},
  publisher={MIT Press}
}

@inproceedings{miltsakaki2004penn,
  title={The Penn Discourse Treebank.},
  author={Miltsakaki, Eleni and Prasad, Rashmi and Joshi, Aravind K and Webber, Bonnie L},
  booktitle={LREC},
  year={2004}
}

@inproceedings{pustejovsky2003timebank,
  title={The timebank corpus},
  author={Pustejovsky, James and Hanks, Patrick and Sauri, Roser and See, Andrew and Gaizauskas, Robert and Setzer, Andrea and Radev, Dragomir and Sundheim, Beth and Day, David and Ferro, Lisa and others},
  booktitle={Corpus linguistics},
  volume={2003},
  pages={40},
  year={2003},
  organization={Lancaster, UK.}
}

@inproceedings{tjong2003introduction,
  title={Introduction to the CoNLL-2003 shared task: Language-independent named entity recognition},
  author={Tjong Kim Sang, Erik F and De Meulder, Fien},
  booktitle={Proceedings of the seventh conference on Natural language learning at HLT-NAACL 2003-Volume 4},
  pages={142--147},
  year={2003},
  organization={Association for Computational Linguistics}
}

@inproceedings{Blei2003LatentDA,
  title={Latent Dirichlet Allocation},
  author={David M. Blei and Andrew Y. Ng and Michael I. Jordan},
  booktitle={NIPS},
  year={2003}
}

@article{Och2003ASC,
  title={A Systematic Comparison of Various Statistical Alignment Models},
  author={Franz Josef Och and Hermann Ney},
  journal={Computational Linguistics},
  year={2003},
  volume={29},
  pages={19-51}
}

@article{russell2002artificial,
  title={Artificial intelligence: a modern approach (International Edition)},
  author={Russell, Stuart J and Norvig, Peter},
  year={2002},
  publisher={$\{$Pearson US Imports \& PHIPEs$\}$}

@inproceedings{TjongKimSang:2002:ICS:1118853.1118877,
 author = {Tjong Kim Sang, Erik F.},
 title = {Introduction to the CoNLL-2002 Shared Task: Language-independent Named Entity Recognition},
 booktitle = {Proceedings of the 6th Conference on Natural Language Learning - Volume 20},
 series = {COLING-02},
 year = {2002},
 pages = {1--4},
 numpages = {4},
 url = {https://doi.org/10.3115/1118853.1118877},
 doi = {10.3115/1118853.1118877},
 acmid = {1118877},
 publisher = {Association for Computational Linguistics},
 address = {Stroudsburg, PA, USA},
}

@inproceedings{Palmer:2001:ETA:2387364.2387369,
 author = {Palmer, Martha and Fellbaum, Christiane and Cotton, Scott and Delfs, Lauren and Dang, Hoa Trang},
 title = {English Tasks: All-words and Verb Lexical Sample},
 booktitle = {The Proceedings of the Second International Workshop on Evaluating Word Sense Disambiguation Systems},
 series = {SENSEVAL '01},
 year = {2001},
 location = {Toulouse, France},
 pages = {21--24},
 numpages = {4},
 url = {http://dl.acm.org/citation.cfm?id=2387364.2387369},
 acmid = {2387369},
 publisher = {Association for Computational Linguistics},
 address = {Stroudsburg, PA, USA},
}


@article{sang2001introduction,
  title={Introduction to the CoNLL-2001 shared task: Clause identification},
  author={Sang, Erik F and D{\'e}jean, Herv{\'e}},
  journal={arXiv preprint cs/0107016},
  year={2001}
}

@article{carlson2001discourse,
  title={Discourse tagging reference manual},
  author={Carlson, Lynn and Marcu, Daniel},
  journal={ISI Technical Report ISI-TR-545},
  volume={54},
  pages={56},
  year={2001}
}

@article{Kilgarriff2000IntroductionTT,
  title={Introduction to the Special Issue on SENSEVAL},
  author={Adam Kilgarriff and Martha Palmer},
  journal={Computers and the Humanities},
  year={2000},
  volume={34},
  pages={1-13}
}

@inproceedings{Voorhees1999TheTQ,
  title={The TREC-8 Question Answering Track Evaluation},
  author={Ellen M. Voorhees and Dawn M. Tice},
  booktitle={TREC},
  year={1999}
}

@book{manning1999foundations,
  title={Foundations of statistical natural language processing},
  author={Manning, Christopher D and Manning, Christopher D and Sch{\"u}tze, Hinrich},
  year={1999},
  publisher={MIT press}
}

@article{kay1999grammatical,
  title={Grammatical constructions and linguistic generalizations: the What's X doing Y? construction},
  author={Kay, Paul and Fillmore, Charles J},
  journal={Language},
  pages={1--33},
  year={1999},
  publisher={JSTOR}
}

@incollection{hajic:1998,
    author = {Haji\v{c}, Jan},
    booktitle = {{Issues of Valency and Meaning. Studies in Honor of Jarmila Panevov\'{a}}},
    citeulike-article-id = {4039141},
    citeulike-linkout-0 = {http://ufal.mff.cuni.cz/pdt/Corpora/PDT\_1.0/References/pdtiovam.pdf},
    editor = {Haji\v{c}ov\'{a}, Eva},
    keywords = {pdt},
    pages = {12--19},
    posted-at = {2009-02-12 14:42:11},
    priority = {5},
    publisher = {Prague Karolinum, Charles University Press},
    title = {{Building a Syntactically Annotated Corpus: The Prague Dependency Treebank}},
    url = {http://ufal.mff.cuni.cz/pdt/Corpora/PDT\_1.0/References/pdtiovam.pdf},
    year = {1998}
}

@book{reeves1996media,
  title={The media equation: How people treat computers, television, and new media like real people and places.},
  author={Reeves, Byron and Nass, Clifford Ivar},
  year={1996},
  publisher={Cambridge university press}
}

@inproceedings{colmerauer1996birth,
  title={The birth of Prolog},
  author={Colmerauer, Alain and Roussel, Philippe},
  booktitle={History of programming languages---II},
  pages={331--367},
  year={1996},
  organization={ACM}
}

@article{Berger1996AME,
  title={A Maximum Entropy Approach to Natural Language Processing},
  author={Adam L. Berger and Stephen Della Pietra and Vincent J. Della Pietra},
  journal={Computational Linguistics},
  year={1996},
  volume={22},
  pages={39-71}
}

@book{allen1995natural,
  title={Natural language understanding},
  author={Allen, James},
  year={1995},
  publisher={Pearson}
}

@article{Cortes1995SupportvectorN,
  title={Support-vector networks},
  author={Corinna Cortes and Vladimir Vapnik},
  journal={Machine Learning},
  year={1995},
  volume={20},
  pages={273-297}
}

@article{shieber1994lessons,
  title={Lessons from a restricted Turing test},
  author={Shieber, Stuart M},
  journal={arXiv preprint cmp-lg/9404002},
  year={1994}
}

@inproceedings{charniak1993equations,
  title={Equations for part-of-speech tagging},
  author={Charniak, Eugene and Hendrickson, Curtis and Jacobson, Neil and Perkowitz, Mike},
  booktitle={AAAI},
  volume={93},
  pages={784--789},
  year={1993}
}

@article{marcus1993building,
  title={Building a large annotated corpus of English: The Penn Treebank},
  author={Marcus, Mitchell P and Marcinkiewicz, Mary Ann and Santorini, Beatrice},
  journal={Computational linguistics},
  volume={19},
  number={2},
  pages={313--330},
  year={1993},
  publisher={MIT Press}
}

@inproceedings{Boser1992ATA,
  title={A Training Algorithm for Optimal Margin Classifiers},
  author={Bernhard E. Boser and Isabelle Guyon and Vladimir Vapnik},
  booktitle={COLT},
  year={1992}
}

@inproceedings{baker1990stochastic,
  title={Stochastic modeling for automatic speech understanding},
  author={Baker, James K},
  booktitle={Readings in speech recognition},
  pages={297--307},
  year={1990},
  organization={Morgan Kaufmann Publishers Inc.}
}

@inproceedings{partee1990domains,
  title={Domains of Quantifications and Semantic Typology},
  author={Partee, Barbara H},
  year={1990},
  organization={Mid-America Linguistics Conference}
}

@article{Brown1990ASA,
  title={A Statistical Approach to Machine Translation},
  author={Peter F. Brown and John Cocke and Stephen Della Pietra and Vincent J. Della Pietra and Frederick Jelinek and John D. Lafferty and Robert L. Mercer and Paul S. Roossin},
  journal={Computational Linguistics},
  year={1990},
  volume={16},
  pages={79-85}
}

@book{gazdar1989natural,
  title={Natural language processing in Lisp: An introduction to computational linguistics},
  author={Gazdar, Gerald and Mellish, Christopher S},
  year={1989},
  publisher={Addison-Wesley Wokingham, England}
}
@inproceedings{Pearl1988ProbabilisticRI,
  title={Probabilistic reasoning in intelligent systems - networks of plausible inference},
  author={Judea Pearl},
  booktitle={Morgan Kaufmann series in representation and reasoning},
  year={1988}
}

@book{Pereira:1987:PNL:576399,
 author = {Pereira, Fernando C. N. and Shieber, Stuart M.},
 title = {PROLOG and Natural Language Analysis},
 year = {1987},
 isbn = {0937073172},
 publisher = {CSLI Publications},
 address = {Stanford, CA, USA},
}
[

@article{grosz1986readings,
  title={Readings in natural language processing},
  author={Grosz, Barbara J and Jones, Karen Sparck and Webber, Bonnie Lynn},
  year={1986},
  publisher={Kaufman Publishers Inc., Los Altos, CA}

@incollection{shieber1985evidence,
  title={Evidence against the context-freeness of natural language},
  author={Shieber, Stuart M},
  booktitle={Philosophy, Language, and Artificial Intelligence},
  pages={79--89},
  year={1985},
  publisher={Springer}
}

@article{huybregts1984weak,
  title={The weak inadequacy of context-free phrase structure grammars},
  author={Huybregts, Riny},
  journal={Van periferie naar kern},
  pages={81--99},
  year={1984},
  publisher={Foris Dordrecht}
}

@article{10000030796,
author="SIDNER, C.",
title="Focusing in the Comprehension of Definite Anaphora",
journal="Computational Models of Discourse",
ISSN="",
publisher="MIT Press",
year="1983",
month="",
volume="",
number="",
pages="267-330",
URL="https://ci.nii.ac.jp/naid/10000030796/en/",
DOI="",
}

@article{bahl1983maximum,
  title={A maximum likelihood approach to continuous speech recognition},
  author={Bahl, Lalit R and Jelinek, Frederick and Mercer, Robert L},
  journal={IEEE transactions on pattern analysis and machine intelligence},
  number={2},
  pages={179--190},
  year={1983},
  publisher={IEEE}
}

@article{wilensky1983planning,
  title={Planning and understanding: A computational approach to human reasoning},
  author={Wilensky, Robert},
  year={1983},
  publisher={Addison-Wesley Pub. Co., Reading, MA}
}

@article{francis1982frequency,
  title={Frequency analysis of English usage},
  author={Francis, WN and Kucera, Henry},
  year={1982},
  publisher={Houghton Mifflin Company}
}

@article{bresnan1982introduction,
  title={Introduction: Grammars as mental representations of language},
  author={Bresnan, Joan and Kaplan, Ronald M and others},
  journal={The mental representation of grammatical relations},
  pages={xvii--lii},
  year={1982},
  publisher={Mit Press Cambridge (Mass.)}
}

@inproceedings{kaplan1981phonological,
  title={Phonological rules and finite-state transducers},
  author={Kaplan, Ronald M and Kay, Martin},
  booktitle={Linguistic Society of America Meeting Handbook, Fifty-Sixth Annual Meeting},
  pages={27--30},
  year={1981}
}

@article{carbonell1981inside,
  title={Inside computer understanding: Five programs plus miniatures},
  author={Carbonell, JG and Schank, RC and Riesbeck, CK},
  year={1981}
}

@book{riesbeck1981inside,
  title={Inside computer understanding: Five programs plus miniatures},
  author={Riesbeck, Christopher K and Schank, Roger C},
  year={1981},
  publisher={L. Erlbaum Associates Inc.}
}

@article{church1980memory,
  title={On memory limitations in natural language processing},
  author={Church, Kenneth Ward},
  year={1980},
  publisher={Massachusetts Institute of Technology}
}

@article{perrault1980plan,
  title={A plan-based analysis of indirect speech acts},
  author={Perrault, C Raymond and Allen, James F},
  journal={Computational Linguistics},
  volume={6},
  number={3-4},
  pages={167--182},
  year={1980},
  publisher={MIT Press}
}

@article{searle1980minds,
  title={Minds, brains, and programs},
  author={Searle, John R},
  journal={Behavioral and brain sciences},
  volume={3},
  number={3},
  pages={417--424},
  year={1980},
  publisher={Cambridge University Press}
}

@article{pereira1980definite,
  title={Definite clause grammars for language analysis‚Äîa survey of the formalism and a comparison with augmented transition networks},
  author={Pereira, Fernando CN and Warren, David HD},
  journal={Artificial intelligence},
  volume={13},
  number={3},
  pages={231--278},
  year={1980},
  publisher={Elsevier}
}

@article{COHEN1979177,
title = "Elements of a plan-based theory of speech acts",
journal = "Cognitive Science",
volume = "3",
number = "3",
pages = "177 - 212",
year = "1979",
issn = "0364-0213",
doi = "https://doi.org/10.1016/S0364-0213(79)80006-3",
url = "http://www.sciencedirect.com/science/article/pii/S0364021379800063",
author = "Philip R. Cohen and C. Raymond Perrault"
}

@ARTICLE {kaym1979,
    author  = "Kay, M",
    title   = "Functional grammar",
    journal = "BLS-79",
    year    = "1979"
}

@incollection{francis1979,
  added-at = {2009-10-23T10:49:34.000+0200},
  address = {London and New York},
  author = {Francis, W. Nelson},
  biburl = {https://www.bibsonomy.org/bibtex/234b5988926c34d1123382770d17acadc/gerhard.wohlgenannt},
  booktitle = {Studies in {E}nglish linguistics for Randolph Quirk},
  description = {phd thesis version 2009-10-23},
  editor = {Greenbaum, Sidney and Leech, Geoffrey and Svartvik, Jan},
  interhash = {74228b3541d28bdcdc3c1ee42a1a4b89},
  intrahash = {34b5988926c34d1123382770d17acadc},
  keywords = {imported},
  pages = {192--209},
  publisher = {Longman},
  timestamp = {2009-10-23T10:49:38.000+0200},
  title = {A tagged corpus -- problems and prospects},
  year = 1979
}

@article{hobbs-resolving-1987,
  added-at = {2008-10-29T12:58:56.000+0100},
  author = {Hobbs, J.R.},
  biburl = {https://www.bibsonomy.org/bibtex/22eea688412b71a21556a22bbb2241d08/robo},
  interhash = {111d0415d5fb82d853cd0d7421e18f73},
  intrahash = {2eea688412b71a21556a22bbb2241d08},
  journal = {Lingua 44},
  keywords = {pronoun references resolving wismasys0809},
  pages = {311-338},
  timestamp = {2008-10-29T12:58:56.000+0100},
  title = {Resolving pronoun references},
  year = 1978
}

@techreport{grosz1977representation,
  title={The representation and use of focus in dialogue understanding},
  author={Grosz, Barbara J},
  year={1977},
  institution={SRI International Menlo Park United States}
}

@inproceedings{lehnert1977conceptual,
  title={A conceptual theory of question answering},
  author={Lehnert, Wendy G},
  booktitle={Proceedings of the 5th international joint conference on Artificial intelligence-Volume 1},
  pages={158--164},
  year={1977},
  organization={Morgan Kaufmann Publishers Inc.}
}

@article{schank1977,
  title={Scripts, Plans, Goals and Understanding},
  author={Schank, R. C. and Abelson, R. P},
  year={1977}
}

@article{weizenbaum1976computer,
  title={Computer power and human reason: From judgment to calculation.},
  author={Weizenbaum, Joseph},
  year={1976},
  publisher={WH Freeman \& Co}
}

@article{wilks1975preferential,
  title={A preferential, pattern-seeking, semantics for natural language inference},
  author={Wilks, Yorick},
  journal={Artificial intelligence},
  volume={6},
  number={1},
  pages={53--74},
  year={1975},
  publisher={Elsevier}
}

@INCOLLECTION {wilksy1975,
    author    = "Wilks, Y",
    title     = "Preference semantics",
    booktitle = "The Formal Semantics of Natural Language",
    publisher = "Cambdrige Univ. Press",
    year      = "1975",
    pages     = "329-350"
}

@BOOK {normand.arumerlhartd.e.1975,
    author    = "Norman, D. A and Rumerlhart, D. E.",
    title     = "Explorations in Cognition",
    publisher = "Freeman, San Francisco, CA",
    year      = "1975"
}

@article{colmerauer1975grammaires,
  title={Les grammaires de m{\'e}tamorphose GIA},
  author={Colmerauer, Alain},
  journal={Internal publica},
  year={1975}
}

@article{kintsch1974representation,
  title={The representation of meaning in memory.},
  author={Kintsch, Walter},
  year={1974},
  publisher={Lawrence Erlbaum}
}

@inproceedings{Woods:1973:PNL:1499586.1499695,
 author = {Woods, W. A.},
 title = {Progress in Natural Language Understanding: An Application to Lunar Geology},
 booktitle = {Proceedings of the June 4-8, 1973, National Computer Conference and Exposition},
 series = {AFIPS '73},
 year = {1973},
 location = {New York, New York},
 pages = {441--450},
 numpages = {10},
 url = {http://doi.acm.org/10.1145/1499586.1499695},
 doi = {10.1145/1499586.1499695},
 acmid = {1499695},
 publisher = {ACM},
 address = {New York, NY, USA},
}

@article{wagner1974string,
  title={The string-to-string correction problem},
  author={Wagner, Robert A and Fischer, Michael J},
  journal={Journal of the ACM (JACM)},
  volume={21},
  number={1},
  pages={168--173},
  year={1974},
  publisher={ACM}
}

@article{reichert1973application,
  title={An application of information theory to genetic mutations and the matching of polypeptide sequences},
  author={Reichert, Thomas A and Cohen, Donald N and Wong, Andrew KC},
  journal={Journal of Theoretical Biology},
  volume={42},
  number={2},
  pages={245--261},
  year={1973},
  publisher={Elsevier}
}

@article{sankoff1972matching,
  title={Matching sequences under deletion/insertion constraints},
  author={Sankoff, David},
  journal={Proceedings of the National Academy of Sciences},
  volume={69},
  number={1},
  pages={4--6},
  year={1972},
  publisher={National Acad Sciences}
}

@article{jelinek1976continuous,
  title={Continuous speech recognition by statistical methods},
  author={Jelinek, Frederick},
  journal={Proceedings of the IEEE},
  volume={64},
  number={4},
  pages={532--556},
  year={1976},
  publisher={IEEE}
}

@article{schank1972conceptual,
  title={Conceptual dependency: A theory of natural language understanding},
  author={Schank, Roger C},
  journal={Cognitive psychology},
  volume={3},
  number={4},
  pages={552--631},
  year={1972},
  publisher={Elsevier}
}

@article{winograd1972understanding,
  title={Understanding natural language},
  author={Winograd, Terry},
  journal={Cognitive psychology},
  volume={3},
  number={1},
  pages={1--191},
  year={1972},
  publisher={Elsevier}
}

@book{simmons1972semantic,
  title={Semantic networks: their computation and use for understanding English sentences},
  author={Simmons, Robert F},
  year={1972},
  publisher={Department of Computer Sciences and Computer-Assisted Instruction Laboratory, University of Texas}
}

@inproceedings{sakoe1971dynamic,
  title={Dynamic-programming approach to continuous speech recognition},
  author={Sakoe, Hiroaki},
  booktitle={1971 Proc. the International Congress of Acoustics, Budapest},
  year={1971}
}

@article{needleman1970general,
  title={A general method applicable to the search for similarities in the amino acid sequence of two proteins},
  author={Needleman, Saul B and Wunsch, Christian D},
  journal={Journal of molecular biology},
  volume={48},
  number={3},
  pages={443--453},
  year={1970},
  publisher={Elsevier}
}

@misc{colmerauer1970systemes,
  title={Les systemes-q ou un formalisme pour analyser et synth{\'e}tiser des phrases sur ordinateur. d{\'e}partement d‚Äôinformatique de l‚ÄôUniversit{\'e} de Montr{\'e}al, publication interne, 43},
  author={Colmerauer, A},
  year={1970},
  publisher={September}
}

@INCOLLECTION {quillianm.r1968,
    author    = "Quillian, M. R",
    title     = "Semantic memory",
    booktitle = "Semantic Information Processing",
    publisher = "MIT Press",
    year      = "1968",
    editor    = "In Minsky, M",
    pages     = "227-270"
}

@article{fillmore1968lexical,
  title={Lexical entries for verbs},
  author={Fillmore, Charles J},
  journal={Foundations of language},
  pages={373--393},
  year={1968},
  publisher={JSTOR}
}

@article{vintsyuk1968speech,
  title={Speech discrimination by dynamic programming},
  author={Vintsyuk, Taras K},
  journal={Cybernetics},
  volume={4},
  number={1},
  pages={52--57},
  year={1968},
  publisher={Springer}
}
@article{viterbi1967error,
  title={Error bounds for convolutional codes and an asymptotically optimum decoding algorithm},
  author={Viterbi, Andrew},
  journal={IEEE transactions on Information Theory},
  volume={13},
  number={2},
  pages={260--269},
  year={1967},
  publisher={IEEE}
}

@inproceedings{Woods1967SemanticsFA,
  title={Semantics For a Question-Answering System},
  author={William A. Woods},
  booktitle={Outstanding Dissertations in the Computer Sciences},
  year={1967}
}

@book{kuvcera1967computational,
  title={Computational analysis of present-day American English},
  author={Ku{\v{c}}era, Henry and Francis, Winthrop Nelson},
  year={1967},
  publisher={Dartmouth Publishing Group}
}

@article{Weizenbaum:1966:ECP:365153.365168,
 author = {Weizenbaum, Joseph},
 title = {ELIZA - a Computer Program for the Study of Natural Language Communication Between Man and Machine},
 journal = {Commun. ACM},
 issue_date = {Jan. 1966},
 volume = {9},
 number = {1},
 month = jan,
 year = {1966},
 issn = {0001-0782},
 pages = {36--45},
 numpages = {10},
 url = {http://doi.acm.org/10.1145/365153.365168},
 doi = {10.1145/365153.365168},
 acmid = {365168},
 publisher = {ACM},
 address = {New York, NY, USA},
}

@article{mosteller1964inference,
  title={Inference and disputed authorship: The Federalist},
  author={Mosteller, Frederick and Wallace, David},
  year={1964},
  publisher={Addison-Wesley}
}

@article{chomsky1963formal,
  title={Formal properties of grammars},
  author={Chomsky, Noam},
  journal={Handbook of Math. Psychology},
  volume={2},
  pages={328--418},
  year={1963}
}

@book{harris1962string,
  title={String analysis of sentence structure},
  author={Harris, Zellig Sabbettai},
  number={1},
  year={1962},
  publisher={Mouton}
}

@article{backus1961report,
  title={Report on the algorithmic language ALGOL-60},
  author={Backus, JW and Bauer, FL and Green, J and Katz, C and McCarthy, J and Naur, P and Perlis, AJ and Rutishauser, H and Samelson, K and Vauquois, B and others},
  journal={Zhurnal Vychislitel'noi Matematiki i Matematicheskoi Fiziki},
  volume={1},
  number={2},
  pages={308--342},
  year={1961},
  publisher={Russian Academy of Sciences, Branch of Mathematical Sciences}
}

@article{merton1961social,
  title={Social problems and sociological theory},
  author={Robert K. Merton},
  journal={Contemporary social problems},
  volume={3},
  pages={793--845},
  year={1961},
  publisher={Harcourt Brace \& World New York}
}

@article{Backus1960ReportOT,
  title={Report on the algorithmic language ALGOL 60},
  author={John W. Backus and Friedrich L. Bauer and Julien Green and C. Katz and John McCarthy and Alan J. Perlis and Heinz Rutishauser and Klaus Samelson and Bernard Vauquois and Joseph Henry Wegstein and Adriaan van Wijngaarden and Michael Woodger},
  journal={Commun. ACM},
  year={1960},
  volume={3},
  pages={299-314}
}

@misc{cogprints1148,
          volume = {35},
          number = {1},
          author = {Noam Chomsky},
            note = {This is one of the most influential articles in the history of  the cognitive sciences. http://cogsci.umn.edu/millennium/final.html},
           title = {A Review of B. F. Skinner's Verbal Behavior},
         journal = {Language},
           pages = {26--58},
            year = {1959},
        keywords = {language, behaviorism, universal grammar, learning, Skinner, syntax, learnability, cognition},
             url = {http://cogprints.org/1148/}
}

@inproceedings{bledsoe1959pattern,
  title={Pattern recognition and reading by machine},
  author={Bledsoe, Woodrow Wilson and Browning, Iben},
  booktitle={Papers presented at the December 1-3, 1959, eastern joint IRE-AIEE-ACM computer conference},
  pages={225--232},
  year={1959},
  organization={ACM}
}

@inproceedings{Backus1959TheSA,
  title={The syntax and semantics of the proposed international algebraic language of the Zurich ACM-GAMM Conference},
  author={John W. Backus},
  booktitle={IFIP Congress},
  year={1959}
}

@book{chomsky1956logical,
  title={The logical structure of linguistic theory},
  author={Chomsky, Noam},
  year={1956},
  publisher={Plenum press New York}
}

@incollection{Kleene56,
  added-at = {2012-10-16T14:29:51.000+0200},
  address = {Princeton, NJ},
  author = {Kleene, S. C.},
  biburl = {https://www.bibsonomy.org/bibtex/2cc51c86a4093c3f989db80fb8d7831be/jil},
  booktitle = {Automata Studies},
  editor = {Shannon, Claude and McCarthy, John},
  interhash = {e9ce8516d977ec88fa380222354b3980},
  intrahash = {cc51c86a4093c3f989db80fb8d7831be},
  keywords = {expression kleene paper regular star},
  pages = {3--41},
  publisher = {Princeton University Press},
  timestamp = {2013-11-23T20:11:51.000+0100},
  title = {Representation of events in nerve nets and finite automata},
  url = {http://www.diku.dk/hjemmesider/ansatte/henglein/papers/kleene1956.pdf},
  year = 1956
}

@article{davis1952automatic,
  title={Automatic recognition of spoken digits},
  author={Davis, KH and Biddulph, R and Balashek, Stephen},
  journal={The Journal of the Acoustical Society of America},
  volume={24},
  number={6},
  pages={637--642},
  year={1952},
  publisher={ASA}
}

@techreport{kleene1951representation,
  title={Representation of events in nerve nets and finite automata},
  author={Kleene, Stephen Cole},
  year={1951},
  institution={RAND PROJECT AIR FORCE SANTA MONICA CA}
}

@article{machinery1950computing,
  title={Computing machinery and intelligence-AM Turing},
  author={Alan Turing},
  journal={Mind},
  volume={59},
  number={236},
  pages={433},
  year={1950}
}

@article{shannon1948mathematical
,	author	= {Shannon, C.E.}
,	title	= {A Mathematical Theory of Communication}
,	journal	= {The Bell System Technical Journal}
,	year	= {1948}
,	volume	= {XXVII}
,	pages	= {379--423 (July), 623--656 (October)}
}

@article{koenig1946sound,
  title={The sound spectrograph},
  author={Koenig, W and Dunn, HK and Lacy, LY},
  journal={The Journal of the Acoustical Society of America},
  volume={18},
  number={1},
  pages={19--49},
  year={1946},
  publisher={Asa}
}

@article{mcculloch1943logical,
  title={A logical calculus of the ideas immanent in nervous activity},
  author={McCulloch, Warren S and Pitts, Walter},
  journal={The bulletin of mathematical biophysics},
  volume={5},
  number={4},
  pages={115--133},
  year={1943},
  publisher={Springer}
}

@article{ogburn1922inventions,
  title={Are inventions inevitable? A note on social evolution},
  author={Ogburn and Thomas},
  journal={Political Science Quarterly},
  volume={37},
  number={1},
  pages={83--98},
  year={1922},
  publisher={JSTOR}
}